<record xmlns="http://www.loc.gov/MARC21/slim" xmlns:xsi="http://www.w3.org/2001/XMLSchema-instance" xsi:schemaLocation="http://www.loc.gov/MARC21/slim http://www.loc.gov/standards/marcxml/schema/MARC21slim.xsd"><leader>03185nam a2200529   4500</leader><controlfield tag="001">3531028</controlfield><controlfield tag="003">NIC</controlfield><controlfield tag="006">m        d        </controlfield><controlfield tag="007">cr cn |||m|||a</controlfield><controlfield tag="008">150113s1965    iq h    o     000 0 arar </controlfield><datafield ind1=" " ind2=" " tag="040"><subfield code="a">NNU</subfield><subfield code="b">eng</subfield><subfield code="e">rda</subfield><subfield code="c">NNU</subfield></datafield><datafield ind1="0" ind2="4" tag="050"><subfield code="a">PJ7750.S26</subfield><subfield code="b">A8 1966</subfield></datafield><datafield ind1="1" ind2=" " tag="100"><subfield code="6">880-01</subfield><subfield code="a">S&#803;a&#772;h&#803;ib al-T&#803;a&#772;lqa&#772;ni&#772;, Abu&#772; al-Qa&#772;sim Isma&#772;&#699;i&#772;l ibn &#699;Abba&#772;d,</subfield><subfield code="d">936-995.</subfield></datafield><datafield ind1="1" ind2="0" tag="240"><subfield code="6">880-02</subfield><subfield code="a">al-Amtha&#772;l al-sa&#772;&#700;irah wa ru&#772;zna&#772;mjah</subfield></datafield><datafield ind1="1" ind2="3" tag="245"><subfield code="6">880-03</subfield><subfield code="a">al-Amtha&#772;l al-sa&#772;&#700;irah min shi&#699;r al-Mutanabbi&#772;, wa-al-Ru&#772;zna&#772;mjah /</subfield><subfield code="c">ta&#700;li&#772;f al-S&#803;a&#772;h&#803;ib Abi&#772; al-Qa&#772;sim Isma&#772;&#699;i&#772;l ibn &#699;Abba&#772;d ; tah&#803;qi&#772;q Muh&#803;ammad H&#803;asan A&#772;l Ya&#772;si&#772;n.</subfield></datafield><datafield ind1="3" ind2="0" tag="246"><subfield code="6">880-04</subfield><subfield code="a">Ru&#772;zna&#772;mjah</subfield></datafield><datafield ind1="1" ind2="4" tag="246"><subfield code="a">Popular proverbs from al-Mutanabbi's poetry</subfield></datafield><datafield ind1="1" ind2="4" tag="246"><subfield code="a">Memoranda</subfield></datafield><datafield ind1=" " ind2=" " tag="250"><subfield code="6">880-05</subfield><subfield code="a">al-T&#803;ab&#699;ah 1.</subfield></datafield><datafield ind1=" " ind2=" " tag="260"><subfield code="6">880-06</subfield><subfield code="a">Baghdad :</subfield><subfield code="b">Maktabat al-Nahd&#803;ah,</subfield><subfield code="c">1965 [cover 1966]</subfield></datafield><datafield ind1=" " ind2=" " tag="300"><subfield code="a">online resource (124 pages) :</subfield><subfield code="b">facsimiles</subfield></datafield><datafield ind1=" " ind2=" " tag="336"><subfield code="a">text</subfield><subfield code="2">rdacontent</subfield></datafield><datafield ind1=" " ind2=" " tag="337"><subfield code="a">computer</subfield><subfield code="2">rdamedia</subfield></datafield><datafield ind1=" " ind2=" " tag="338"><subfield code="a">online resource</subfield><subfield code="2">rdacarrier</subfield></datafield><datafield ind1="1" ind2=" " tag="490"><subfield code="6">880-07</subfield><subfield code="a">Nafa&#772;&#700;is al-makht&#803;u&#772;t&#803;a&#772;t ;</subfield><subfield code="v">4</subfield></datafield><datafield ind1=" " ind2=" " tag="500"><subfield code="a">Part of the Arabic Collections Online (ACO) project, contributed by Cornell University Libraries.</subfield></datafield><datafield ind1=" " ind2=" " tag="533"><subfield code="a">Electronic reproduction.</subfield><subfield code="b">New York, N.Y. :</subfield><subfield code="c">New York University,</subfield><subfield code="d">2015.</subfield><subfield code="5">NNU</subfield></datafield><datafield ind1="1" ind2=" " tag="700"><subfield code="6">880-08</subfield><subfield code="a">Mutanabbi&#772;, Abu&#772; al-T&#803;ayyib Ah&#803;mad ibn al-H&#803;usayn,</subfield><subfield code="d">915 or 916-965.</subfield></datafield><datafield ind1="1" ind2=" " tag="700"><subfield code="6">880-09</subfield><subfield code="a">A&#772;l Ya&#772;si&#772;n, Muh&#803;ammad H&#803;asan.</subfield></datafield><datafield ind1="2" ind2=" " tag="710"><subfield code="a">Cornell University.</subfield><subfield code="b">Libraries.</subfield></datafield><datafield ind1="0" ind2=" " tag="730"><subfield code="a">Arabic Collections Online.</subfield></datafield><datafield ind1="0" ind2="8" tag="776"><subfield code="i">Online version:</subfield><subfield code="a">S&#803;a&#772;h&#803;ib al-T&#803;a&#772;lqa&#772;ni&#772;, Abu&#772; al-Qa&#772;sim Isma&#772;&#699;i&#772;l ibn &#699;Abba&#772;d, 936-995.</subfield><subfield code="t">Amtha&#772;l al-sa&#772;&#700;irah min shi&#699;r al-Mutanabbi&#772;, wa-al-Ru&#772;zna&#772;mjah.</subfield><subfield code="b">al-T&#803;ab&#699;ah 1.</subfield><subfield code="d">Baghdad : Maktabat al-Nahd&#803;ah, 1965 [cover 1966]</subfield><subfield code="w">(OCoLC)569325897</subfield></datafield><datafield ind1="0" ind2="8" tag="776"><subfield code="i">Print version:</subfield><subfield code="a">S&#803;a&#772;h&#803;ib al-T&#803;a&#772;lqa&#772;ni&#772;, Abu&#772; al-Qa&#772;sim Isma&#772;&#699;i&#772;l ibn &#699;Abba&#772;d, 936-995.</subfield><subfield code="t">al-Amtha&#772;l al-sa&#772;&#700;irah min shi&#699;r al-Mutanabbi&#772;, wa-al-Ru&#772;zna&#772;mjah</subfield><subfield code="w">(NIC)3531028</subfield><subfield code="w">(DLC)ne 68003288 </subfield><subfield code="w">(OCoLC)22303022</subfield></datafield><datafield ind1=" " ind2="0" tag="830"><subfield code="6">880-10</subfield><subfield code="a">Nafa&#772;&#700;is al-makht&#803;u&#772;t&#803;a&#772;t ;</subfield><subfield code="v">4.</subfield></datafield><datafield ind1="4" ind2="0" tag="856"><subfield code="u">http://hdl.handle.net/2333.1/brv15h21</subfield></datafield><datafield ind1="1" ind2=" " tag="880"><subfield code="6">100-01/r</subfield><subfield code="a">&#1589;&#1575;&#1581;&#1576; &#1575;&#1604;&#1591;&#1575;&#1604;&#1602;&#1575;&#1606;&#1610;&#1548; &#1575;&#1576;&#1608; &#1575;&#1604;&#1602;&#1575;&#1587;&#1605; &#1575;&#1587;&#1605;&#1575;&#1593;&#1610;&#1604; &#1576;&#1606; &#1593;&#1576;&#1575;&#1583;&#1548;,</subfield><subfield code="d">936-995.</subfield></datafield><datafield ind1="1" ind2="0" tag="880"><subfield code="6">240-02/r</subfield><subfield code="a">&#1575;&#1604;&#1575;&#1605;&#1579;&#1575;&#1604; &#1575;&#1604;&#1587;&#1575;&#1574;&#1585;&#1577; &#1608;&#1575;&#1604;&#1585;&#1608;&#1586;&#1606;&#1575;&#1605;&#1580;&#1577;</subfield></datafield><datafield ind1="1" ind2="2" tag="880"><subfield code="6">245-03/r</subfield><subfield code="a">&#1575;&#1604;&#1575;&#1605;&#1579;&#1575;&#1604; &#1575;&#1604;&#1587;&#1575;&#1574;&#1585;&#1577; &#1605;&#1606; &#1588;&#1593;&#1585; &#1575;&#1604;&#1605;&#1578;&#1606;&#1576;&#1610;&#1548; &#1608;&#1575;&#1604;&#1585;&#1608;&#1586;&#1606;&#1575;&#1605;&#1580;&#1577; /</subfield><subfield code="c">&#1578;&#1571;&#1604;&#1610;&#1601; &#1575;&#1604;&#1589;&#1575;&#1581;&#1576; &#1575;&#1576;&#1610; &#1575;&#1604;&#1602;&#1575;&#1587;&#1605; &#1575;&#1587;&#1605;&#1575;&#1593;&#1610;&#1604; &#1576;&#1606; &#1593;&#1576;&#1575;&#1583; &#1563; &#1578;&#1581;&#1602;&#1610;&#1602; &#1605;&#1581;&#1605;&#1583; &#1581;&#1587;&#1606; &#1570;&#1604; &#1610;&#1587;&#1606;.</subfield></datafield><datafield ind1="3" ind2="0" tag="880"><subfield code="6">246-04/r</subfield><subfield code="a">&#1585;&#1608;&#1586;&#1606;&#1575;&#1605;&#1580;&#1577;</subfield></datafield><datafield ind1=" " ind2=" " tag="880"><subfield code="6">250-05/r</subfield><subfield code="a">&#1575;&#1604;&#1591;&#1576;&#1593;&#1577; 1.</subfield></datafield><datafield ind1=" " ind2=" " tag="880"><subfield code="6">260-06/r</subfield><subfield code="a">&#1576;&#1594;&#1583;&#1583; :</subfield><subfield code="b">&#1605;&#1603;&#1578;&#1576;&#1577; &#1575;&#1604;&#1606;&#1607;&#1590;&#1577;&#1548;</subfield><subfield code="c">1965 [cover 1966]</subfield></datafield><datafield ind1="1" ind2=" " tag="880"><subfield code="6">490-07/r</subfield><subfield code="a">&#1606;&#1601;&#1575;&#1574;&#1587; &#1575;&#1604;&#1605;&#1582;&#1591;&#1608;&#1591;&#1575;&#1578; &#1563;</subfield><subfield code="v">4</subfield></datafield><datafield ind1="1" ind2=" " tag="880"><subfield code="6">700-08/r</subfield><subfield code="a">&#1605;&#1578;&#1606;&#1576;&#1610;&#1548; &#1575;&#1576;&#1608; &#1575;&#1604;&#1591;&#1610;&#1576; &#1575;&#1581;&#1605;&#1583; &#1576;&#1606; &#1575;&#1604;&#1581;&#1587;&#1610;&#1606;&#1548;,</subfield><subfield code="d">915 or 916-965.</subfield></datafield><datafield ind1="1" ind2=" " tag="880"><subfield code="6">700-09/r</subfield><subfield code="a">&#1570;&#1604; &#1610;&#1587;&#1606;&#1548; &#1605;&#1581;&#1605;&#1583; &#1581;&#1587;&#1606;.</subfield></datafield><datafield ind1=" " ind2="0" tag="880"><subfield code="6">830-10/r</subfield><subfield code="a">&#1606;&#1601;&#1575;&#1574;&#1587; &#1575;&#1604;&#1605;&#1582;&#1591;&#1608;&#1591;&#1575;&#1578; &#1563; </subfield><subfield code="v">4.</subfield></datafield><datafield ind1=" " ind2=" " tag="959"><subfield code="a">NNU</subfield><subfield code="b">WEB</subfield><subfield code="c">GENI</subfield><subfield code="t">0</subfield><subfield code="m">Electronic access</subfield><subfield code="s">01</subfield></datafield><datafield ind1=" " ind2=" " tag="999"><subfield code="i">NIC_3531028</subfield><subfield code="o">(OCoLC)ocm22303022</subfield></datafield></record>